% 20041221 
@Article{pmid20041221,
   Author="Dudley, J. T.  and Butte, A. J. ",
   Title="{{A} quick guide for developing effective bioinformatics programming skills}",
   Journal="PLoS Comput. Biol.",
   Year="2009",
   Volume="5",
   Number="12",
   Pages="e1000589",
   Month="Dec"
}

